<record xmlns='http://www.loc.gov/MARC21/slim'><leader>01181ntm a2200253 i 4500</leader><controlfield tag='001'>991058290253506011</controlfield><controlfield tag='005'>20220413123842.0</controlfield><controlfield tag='008'>220401q16201623enk           000 0 eng d</controlfield><datafield ind1=' ' ind2=' ' tag='035'><subfield code='a'>(OCoLC)1308515760h</subfield></datafield><datafield ind1=' ' ind2=' ' tag='035'><subfield code='a'>(OCoLC)on1308515760h</subfield></datafield><datafield ind1=' ' ind2=' ' tag='040'><subfield code='a'>HRH</subfield><subfield code='b'>eng</subfield><subfield code='e'>dcrmmss</subfield><subfield code='c'>HRH</subfield></datafield><datafield ind1=' ' ind2=' ' tag='041'><subfield code='a'>eng</subfield></datafield><datafield ind1=' ' ind2=' ' tag='049'><subfield code='a'>HRHH</subfield></datafield><datafield ind1=' ' ind2='9' tag='099'><subfield code='a'>MS 3277, Container 233</subfield></datafield><datafield ind1='1' ind2=' ' tag='100'><subfield code='a'>Talbot, Francis,</subfield><subfield code='e'>author.</subfield></datafield><datafield ind1='1' ind2='0' tag='245'><subfield code='a'>Francis Talbot account book :</subfield><subfield code='k'>autograph manuscript.</subfield></datafield><datafield ind1=' ' ind2='0' tag='264'><subfield code='a'>England ;</subfield><subfield code='c'>after 1646</subfield></datafield><datafield ind1=' ' ind2=' ' tag='300'><subfield code='a'>1 volume (14 leaves) ;</subfield><subfield code='c'>13 x 9 cm</subfield></datafield><datafield ind1=' ' ind2=' ' tag='500'><subfield code='a'>Ownership inscription on leaf 1 verso indicates majority of book is in the hand of Francis Talbot; leaf 1 recto is in a different early hand.</subfield></datafield><datafield ind1=' ' ind2=' ' tag='520'><subfield code='a'>Leaf 1 recto records birth, baptism, and marriage dates. Leaf 1 verso records ownership inscription and prayer. Leaves 2-7 recto are a transcription of some lines from The mirror of mans miserie. Leaves 8-9 are a transcription of The second elegie of judgment. Leaves 9-14 consist of records of payments.</subfield></datafield><datafield ind1=' ' ind2=' ' tag='500'><subfield code='a'>Title devised by cataloger.</subfield></datafield><datafield ind1=' ' ind2='7' tag='655'><subfield code='a'>Account books.</subfield><subfield code='2'>rbgenr</subfield></datafield><datafield ind1='2' ind2=' ' tag='791'><subfield code='a'>Medieval and Early Modern Manuscripts Collection.</subfield></datafield><datafield ind1=' ' ind2=' ' tag='994'><subfield code='a'>C0</subfield><subfield code='b'>HRH</subfield></datafield></record>
